@inproceedings{vezhnevets2005growcut,
  title={GrowCut: Interactive multi-label ND image segmentation by cellular automata},
  author={Vezhnevets, Vladimir and Konouchine, Vadim},
  booktitle={proc. of Graphicon},
  volume={1},
  number={4},
  pages={150--156},
  year={2005}
}

@article{kauffmann2010seeded,
  title={Seeded ND medical image segmentation by cellular automaton on GPU},
  author={Kauffmann, Claude and Pich{\'e}, Nicolas},
  journal={International journal of computer assisted radiology and surgery},
  volume={5},
  number={3},
  pages={251--262},
  year={2010},
  publisher={Springer}
}

@article{abbasi2020detecting,
  title={Detecting prostate cancer using deep learning convolution neural network with transfer learning approach},
  author={Abbasi, Adeel Ahmed and Hussain, Lal and Awan, Imtiaz Ahmed and Abbasi, Imran and Majid, Abdul and Nadeem, Malik Sajjad Ahmed and Chaudhary, Quratul-Ain},
  journal={Cognitive Neurodynamics},
  pages={1--11},
  year={2020},
  publisher={Springer}
}

@article{wildeboer2020artificial,
  title={Artificial intelligence in multiparametric prostate cancer imaging with focus on deep-learning methods},
  author={Wildeboer, Rogier R and van Sloun, Ruud JG and Wijkstra, Hessel and Mischi, Massimo},
  journal={Computer Methods and Programs in Biomedicine},
  volume={189},
  pages={105316},
  year={2020},
  publisher={Elsevier}
}

@article{zhu2019review,
  title={A review on the accuracy of bladder cancer detection methods},
  author={Zhu, Chao-Zhe and Ting, Hua-Nong and Ng, Kwan-Hoong and Ong, Teng-Aik},
  journal={Journal of Cancer},
  volume={10},
  number={17},
  pages={4038},
  year={2019},
  publisher={Ivyspring International Publisher}
}

@article{schelb2019classification,
  title={Classification of cancer at prostate MRI: deep learning versus clinical PI-RADS assessment},
  author={Schelb, Patrick and Kohl, Simon and Radtke, Jan Philipp and Wiesenfarth, Manuel and Kickingereder, Philipp and Bickelhaupt, Sebastian and Kuder, Tristan Anselm and Stenzinger, Albrecht and Hohenfellner, Markus and Schlemmer, Heinz-Peter and others},
  journal={Radiology},
  volume={293},
  number={3},
  pages={607--617},
  year={2019},
  publisher={Radiological Society of North America}
}

@article{cuocolo2019machine,
  title={Machine learning applications in prostate cancer magnetic resonance imaging},
  author={Cuocolo, Renato and Cipullo, Maria Brunella and Stanzione, Arnaldo and Ugga, Lorenzo and Romeo, Valeria and Radice, Leonardo and Brunetti, Arturo and Imbriaco, Massimo},
  journal={European radiology experimental},
  volume={3},
  number={1},
  pages={1--8},
  year={2019},
  publisher={SpringerOpen}
}

@article{willemink2020preparing,
  title={Preparing medical imaging data for machine learning},
  author={Willemink, Martin J and Koszek, Wojciech A and Hardell, Cailin and Wu, Jie and Fleischmann, Dominik and Harvey, Hugh and Folio, Les R and Summers, Ronald M and Rubin, Daniel L and Lungren, Matthew P},
  journal={Radiology},
  volume={295},
  number={1},
  pages={4--15},
  year={2020},
  publisher={Radiological Society of North America}
}

@article{bychkov2018deep,
  title={Deep learning based tissue analysis predicts outcome in colorectal cancer},
  author={Bychkov, Dmitrii and Linder, Nina and Turkki, Riku and Nordling, Stig and Kovanen, Panu E and Verrill, Clare and Walliander, Margarita and Lundin, Mikael and Haglund, Caj and Lundin, Johan},
  journal={Scientific reports},
  volume={8},
  number={1},
  pages={1--11},
  year={2018},
  publisher={Nature Publishing Group}
}

@article{nemoto2020simple,
  title={Simple low-cost approaches to semantic segmentation in radiation therapy planning for prostate cancer using deep learning with non-contrast planning CT images},
  author={Nemoto, Takafumi and Futakami, Natsumi and Yagi, Masamichi and Kunieda, Etsuo and Akiba, Takeshi and Takeda, Atsuya and Shigematsu, Naoyuki},
  journal={Physica Medica},
  volume={78},
  pages={93--100},
  year={2020},
  publisher={Elsevier}
}

@inproceedings{liu2017prostate,
  title={Prostate cancer diagnosis using deep learning with 3D multiparametric MRI},
  author={Liu, Saifeng and Zheng, Huaixiu and Feng, Yesu and Li, Wei},
  booktitle={Medical imaging 2017: computer-aided diagnosis},
  volume={10134},
  pages={1013428},
  year={2017},
  organization={International Society for Optics and Photonics}
}

@article{aldoj2020semi,
  title={Semi-automatic classification of prostate cancer on multi-parametric MR imaging using a multi-channel 3D convolutional neural network},
  author={Aldoj, Nader and Lukas, Steffen and Dewey, Marc and Penzkofer, Tobias},
  journal={European radiology},
  volume={30},
  number={2},
  pages={1243--1253},
  year={2020},
  publisher={Springer}
}

@article{datasets,
	author = {Tim Hulsen},
	title = {An overview of publicly available patient-centered prostate cancer datasets},
	journal = {Translational Andrology and Urology},
	year = {2019}
	}
	
@inproceedings{girshick2014rich,
  title={Rich feature hierarchies for accurate object detection and semantic segmentation},
  author={Girshick, Ross and Donahue, Jeff and Darrell, Trevor and Malik, Jitendra},
  booktitle={Proceedings of the IEEE conference on computer vision and pattern recognition},
  pages={580--587},
  year={2014}
}

@inproceedings{girshick2015fast,
  title={Fast r-cnn},
  author={Girshick, Ross},
  booktitle={Proceedings of the IEEE international conference on computer vision},
  pages={1440--1448},
  year={2015}
}

@misc{wu2019detectron2,
  author =       {Yuxin Wu and Alexander Kirillov and Francisco Massa and
                  Wan-Yen Lo and Ross Girshick},
  title =        {Detectron2},
  howpublished = {\url{https://github.com/facebookresearch/detectron2}},
  year =         {2019}
}

@article{dolz2018multiregion,
  title={Multiregion segmentation of bladder cancer structures in MRI with progressive dilated convolutional networks},
  author={Dolz, Jose and Xu, Xiaopan and Rony, J{\'e}r{\^o}me and Yuan, Jing and Liu, Yang and Granger, Eric and Desrosiers, Christian and Zhang, Xi and Ben Ayed, Ismail and Lu, Hongbing},
  journal={Medical physics},
  volume={45},
  number={12},
  pages={5482--5493},
  year={2018},
  publisher={Wiley Online Library}
}

@article{zhu2018shape,
  title={Shape prior constrained PSO model for bladder wall MRI segmentation},
  author={Zhu, Qikui and Du, Bo and Yan, Pingkun and Lu, Hongbing and Zhang, Liangpei},
  journal={Neurocomputing},
  volume={294},
  pages={19--28},
  year={2018},
  publisher={Elsevier}
}